<?xml version="1.0" encoding="utf-8"?>
<Document xmlns="urn:iso:std:iso:20022:tech:xsd:pain.001.001.03" xmlns:xs="http://www.w3.org/2001/XMLSchema">
  <CstmrCdtTrfInitn>
    <GrpHdr>
      <MsgId>18966</MsgId>
      <CreDtTm>2013-11-25T00:00:00</CreDtTm>
      <NbOfTxs>11</NbOfTxs>
      <CtrlSum>208165.97</CtrlSum>
      <InitgPty>
        <Nm>InitgPtyNm</Nm>
        <Id>
          <OrgId>
            <BICOrBEI>BIBMCH22</BICOrBEI>
          </OrgId>
        </Id>
      </InitgPty>
    </GrpHdr>
    <!--22619_37299.FSNTEST_pain00100103-US-5-Derived-->
    <PmtInf>
      <PmtInfId>18966</PmtInfId>
      <PmtMtd>TRF</PmtMtd>
      <ReqdExctnDt>2013-11-27</ReqdExctnDt>
      <Dbtr>
        <Nm>DbtrNm</Nm>
        <PstlAdr>
          <PstCd>PstCd</PstCd>
          <TwnNm>TwnNm</TwnNm>
          <Ctry>US</Ctry>
          <AdrLine>AdrLine</AdrLine>
        </PstlAdr>
      </Dbtr>
      <DbtrAcct>
        <Id>
          <Othr>
            <Id>30498591</Id>
          </Othr>
        </Id>
      </DbtrAcct>
      <DbtrAgt>
        <FinInstnId>
          <BIC>CITIUS22</BIC>
        </FinInstnId>
      </DbtrAgt>
      <CdtTrfTxInf>
        <PmtId>
          <EndToEndId>999100004910</EndToEndId>
        </PmtId>
        <PmtTpInf>
          <SvcLvl>
            <Cd>NURG</Cd>
          </SvcLvl>
          <LclInstrm>
            <Cd>CTX</Cd>
          </LclInstrm>
        </PmtTpInf>
        <Amt>
          <InstdAmt Ccy="USD">3297.01</InstdAmt>
        </Amt>
        <CdtrAgt>
          <FinInstnId>
            <ClrSysMmbId>
              <MmbId>083002342</MmbId>
            </ClrSysMmbId>
            <Nm>FinInstnIdNm</Nm>
            <PstlAdr>
              <Ctry>US</Ctry>
            </PstlAdr>
          </FinInstnId>
        </CdtrAgt>
        <Cdtr>
          <Nm>CdtrNm</Nm>
          <PstlAdr>
            <PstCd>AdrLine1</PstCd>
            <TwnNm>AdrLine2</TwnNm>
            <Ctry>US</Ctry>
            <AdrLine>AdrLine3</AdrLine>
          </PstlAdr>
        </Cdtr>
        <CdtrAcct>
          <Id>
            <Othr>
              <Id>7141709999</Id>
            </Othr>
          </Id>
          <Tp>
            <Cd>CACC</Cd>
          </Tp>
        </CdtrAcct>
        <RmtInf>
          <Strd>
            <RfrdDocInf>
              <Tp>
                <CdOrPrtry>
                  <Cd>CINV</Cd>
                </CdOrPrtry>
              </Tp>
              <Nb>IN00058996</Nb>
              <RltdDt>2013-10-30</RltdDt>
            </RfrdDocInf>
            <RfrdDocAmt>
              <DuePyblAmt Ccy="USD">3297.01</DuePyblAmt>
            </RfrdDocAmt>
          </Strd>
        </RmtInf>
      </CdtTrfTxInf>
    </PmtInf>    
  </CstmrCdtTrfInitn>
</Document>